<?xml version="1.0" encoding="UTF-8"?><collection xmlns="http://www.loc.gov/MARC21/slim"><record><leader>00663nam--2200205-i-4500</leader><controlfield tag="001">000019211</controlfield><controlfield tag="002">20161230</controlfield><controlfield tag="005">20161230201033</controlfield><controlfield tag="008">060222s1000------------r-----000-0-fre-d</controlfield><datafield ind1=" " ind2=" " tag="040"><subfield code="a">IFIN-HH</subfield></datafield><datafield ind1=" " ind2=" " tag="041"><subfield code="a">fre</subfield></datafield><datafield ind1=" " ind2=" " tag="080"><subfield code="a">535.82</subfield></datafield><datafield ind1="1" ind2=" " tag="100"><subfield code="a">Fagot, B</subfield></datafield><datafield ind1="1" ind2="0" tag="245"><subfield code="a">Microscopie electronique a emission secondaire sous bombardement ionique contraste des images 2e partie et 3e partie</subfield><subfield code="b">Thse</subfield><subfield code="c">B. fagot, ch. fert</subfield></datafield><datafield ind1=" " ind2=" " tag="260"><subfield code="a">Toulouse</subfield><subfield code="b">Faculte Des Sciences, Laboratoire De Physique Des Solides</subfield><subfield code="c">1966</subfield></datafield><datafield ind1=" " ind2=" " tag="300"><subfield code="a">/-389-420/ P. + 4 PL</subfield></datafield><datafield ind1=" " ind2=" " tag="490"><subfield code="a">Journal De Microscopie</subfield></datafield><datafield ind1="1" ind2=" " tag="700"><subfield code="a">Fert, Ch</subfield></datafield><datafield ind1=" " ind2=" " tag="852"><subfield code="a">33569</subfield><subfield code="c">537.533.35</subfield></datafield><datafield ind1=" " ind2=" " tag="CAT"><subfield code="a">Sys</subfield><subfield code="c">20110905</subfield><subfield code="h">135719</subfield></datafield></record></collection>